<record><leader>00000cas a22000007a 4500</leader><controlfield tag="001">25691141</controlfield><controlfield tag="008">920422d18941912wyuwr ne      0    0eng c</controlfield><datafield ind1=" " ind2=" " tag="010"><subfield code="a">sn 92066985 </subfield></datafield><datafield ind1=" " ind2=" " tag="040"><subfield code="a">NVO</subfield><subfield code="b">eng</subfield><subfield code="c">NVO</subfield><subfield code="d">OCLCQ</subfield><subfield code="d">DLC</subfield><subfield code="d">OCLCQ</subfield><subfield code="d">OCLCF</subfield><subfield code="d">DLC</subfield><subfield code="d">OCLCA</subfield></datafield><datafield ind1=" " ind2=" " tag="042"><subfield code="a">pcc</subfield></datafield><datafield ind1=" " ind2=" " tag="043"><subfield code="a">n-us-wy</subfield></datafield><datafield ind1="0" ind2="0" tag="050"><subfield code="a">Newspaper 10305</subfield></datafield><datafield ind1="0" ind2=" " tag="130"><subfield code="a">Semi-weekly boomerang (Laramie, Wyo. : 1894)</subfield></datafield><datafield ind1="1" ind2="0" tag="245"><subfield code="a">Semi-weekly boomerang.</subfield></datafield><datafield ind1="1" ind2="3" tag="246"><subfield code="a">Boomerang</subfield><subfield code="f">&lt;June 15, 1903&gt;-May 8, 1911</subfield></datafield><datafield ind1="1" ind2="3" tag="246"><subfield code="a">Laramie boomerang</subfield><subfield code="f">1894-Jan. 1901; June 26, 1911-Jan. 1, 1912</subfield></datafield><datafield ind1="1" ind2="3" tag="246"><subfield code="a">Laramie semi-weekly boomerang</subfield><subfield code="f">May 6-&lt;July 15,&gt; 1901</subfield></datafield><datafield ind1=" " ind2=" " tag="260"><subfield code="a">Laramie, Wyo. :</subfield><subfield code="b">[s.n.]</subfield></datafield><datafield ind1=" " ind2=" " tag="300"><subfield code="a">v.</subfield></datafield><datafield ind1=" " ind2=" " tag="310"><subfield code="a">Weekly (on Monday),</subfield><subfield code="b">Sept. 28, 1908-Jan. 1, 1912</subfield></datafield><datafield ind1=" " ind2=" " tag="321"><subfield code="a">Weekly (on Monday),</subfield><subfield code="b">1894-Oct. 24, 1904</subfield></datafield><datafield ind1=" " ind2=" " tag="321"><subfield code="a">Semiweekly,</subfield><subfield code="b">Oct. 27, 1904-Sept. 21, 1908</subfield></datafield><datafield ind1="0" ind2=" " tag="362"><subfield code="a">Vol. 19, no. 39 (Dec. 3, 1894)-Jan. 1, 1912.</subfield></datafield><datafield ind1=" " ind2=" " tag="515"><subfield code="a">&lt;May 1905&gt;-June 8, 1908 called &lt;25th&gt;-26th years.</subfield></datafield><datafield ind1=" " ind2=" " tag="515"><subfield code="a">Numbering is irregular.</subfield></datafield><datafield ind1=" " ind2=" " tag="580"><subfield code="a">Weekly eds.: Weekly boomerang, &lt;Sept. 24,&gt; 1881-Mar. 28, 1889; The Boomerang, Apr. 4, 1889-Oct. 31, 1895; The Weekly boomerang, Nov. 7, 1895-Oct. 20, 1904; The Weekly boomerang, Sept. 24, 1908-Oct. 24, 1912.</subfield></datafield><datafield ind1=" " ind2=" " tag="580"><subfield code="a">Daily eds.: The daily boomerang, &lt;Mar. 1881&gt;-May 1, 1901; Laramie boomerang, May 2, 1901-Feb. 2, 1910; and Laramie daily boomerang, Feb. 7, 1910-Oct. 26, 1912.</subfield></datafield><datafield ind1=" " ind2=" " tag="580"><subfield code="a">Absorbed: The Weekly boomerang, Oct. 27, 1904.</subfield></datafield><datafield ind1=" " ind2="0" tag="651"><subfield code="a">Laramie (Wyo.)</subfield><subfield code="v">Newspapers.</subfield></datafield><datafield ind1=" " ind2="0" tag="651"><subfield code="a">Albany County (Wyo.)</subfield><subfield code="v">Newspapers.</subfield></datafield><datafield ind1=" " ind2="7" tag="651"><subfield code="a">Wyoming</subfield><subfield code="z">Albany County.</subfield><subfield code="2">fast</subfield><subfield code="0">(OCoLC)fst01222019</subfield></datafield><datafield ind1=" " ind2="7" tag="651"><subfield code="a">Wyoming</subfield><subfield code="z">Laramie.</subfield><subfield code="2">fast</subfield><subfield code="0">(OCoLC)fst01208818</subfield></datafield><datafield ind1=" " ind2="7" tag="655"><subfield code="a">Newspapers.</subfield><subfield code="2">fast</subfield><subfield code="0">(OCoLC)fst01423814</subfield></datafield><datafield ind1=" " ind2=" " tag="752"><subfield code="a">United States</subfield><subfield code="b">Wyoming</subfield><subfield code="c">Albany</subfield><subfield code="d">Laramie.</subfield></datafield><datafield ind1="1" ind2=" " tag="775"><subfield code="t">Weekly boomerang (Laramie, Wyo. : 1881)</subfield><subfield code="w">(DLC)sn 87068362</subfield></datafield><datafield ind1="1" ind2=" " tag="775"><subfield code="t">Boomerang (Laramie, Wyo.)</subfield><subfield code="w">(DLC)sn 93070111</subfield></datafield><datafield ind1="1" ind2=" " tag="775"><subfield code="t">Weekly boomerang (Laramie, Wyo. : 1895)</subfield><subfield code="w">(DLC)sn 93070112</subfield></datafield><datafield ind1="1" ind2=" " tag="775"><subfield code="t">Weekly boomerang (Laramie, Wyo. : 1908)</subfield><subfield code="w">(DLC)sn 93070113</subfield></datafield><datafield ind1="1" ind2=" " tag="775"><subfield code="t">Daily boomerang (Laramie, Wyo. : 1881)</subfield><subfield code="x">2574-7630</subfield><subfield code="w">(DLC)sn 86064499</subfield><subfield code="w">(OCoLC)13913088</subfield></datafield><datafield ind1="1" ind2=" " tag="775"><subfield code="t">Laramie boomerang (Laramie, Wyo. : 1901)</subfield><subfield code="w">(DLC)sn 86072181</subfield></datafield><datafield ind1="1" ind2=" " tag="775"><subfield code="t">Laramie daily boomerang (Laramie, Wyo. : 1910)</subfield><subfield code="w">(DLC)sn 86072182</subfield></datafield><datafield ind1="1" ind2="5" tag="780"><subfield code="t">Weekly boomerang (Laramie, Wyo. : 1895)</subfield><subfield code="w">(DLC)sn 93070112</subfield></datafield><datafield ind1="0" ind2="0" tag="785"><subfield code="t">Laramie semi-weekly boomerang (Laramie, Wyo. : 1912)</subfield><subfield code="w">(DLC)sn 92066993</subfield></datafield><datafield ind1="1" ind2=" " tag="029"><subfield code="a">AU@</subfield><subfield code="b">000020705784</subfield></datafield></record>